% ------------------------------------------------------------------------
% BIBLIOGRAPHY FILE
% ------------------------------------------------------------------------
@article{Beck2009,
	title={A Fast Iterative Shrinkage-Thresholding Algorithm for Linear Inverse Problems},
	author={Beck, Amir and Teboulle, Marc},
	journal={SIAM Journal on Imaging Sciences},
	volume={2},
	number={1},
	pages={183--202},
	year={2009},
	publisher={SIAM}
}
@incollection{Combettes2011,
  title={Proximal Splitting Methods in Signal Processing},
  author={Combettes, Patrick L and Pesquet, Jean-Christophe},
  booktitle={Fixed-Point Algorithms for Inverse Problems in Science and Engineering},
  pages={185--212},
  year={2011},
  publisher={Springer}
}
@article{Liang2018,
  title={Improving FISTA: Faster, Smarter and Greedier},
  author={Liang, Jingwei and Sch{\"o}nlieb, Carola-Bibiane},
  journal={arXiv preprint arXiv:1811.01430},
  year={2018}
}
@article{Unser2016,
	title={Representer Theorems for Sparsity-Promoting $\ell^1$ Regularization},
	author={Unser, Michael and Fageot, Julien and Gupta, Harshit},
	journal={IEEE Transactions on Information Theory},
	volume={62},
	number={9},
	pages={5167--5180},
	year={2016},
	publisher={IEEE}
}
@article{Boyer2019,
	title={On Representer Theorems and Convex Regularization},
	author={Boyer, Claire and Chambolle, Antonin and Castro, Yohann De and Duval, Vincent and De Gournay, Fr{\'e}d{\'e}ric and Weiss, Pierre},
	journal={SIAM Journal on Optimization},
	volume={29},
	number={2},
	pages={1260--1281},
	year={2019},
	publisher={SIAM}
}
@book{Nesterov2004,
	author={Nesterov, Yurii},
	title={Introductory Lectures on Convex Optimization: A Basic Course},
	year={2004},
	publisher={Kluwer Academic Publishers Boston, Dordrecht, London}
}

% ------------------------------------------------------------------------
% ------------------------------------------------------------------------
% --------------------------Adaptive Paper--------------------------------
% ------------------------------------------------------------------------
% ------------------------------------------------------------------------

@article{Chambolle2011,
	author = {Chambolle, Antonin and Pock, Thomas},
	doi = {10.1007/s10851-010-0251-1},
	isbn = {1085101002},
	issn = {09249907},
	journal = {Journal of Mathematical Imaging and Vision},
	month = {may},
	number = {1},
	pages = {120--145},
	publisher = {Springer US},
	title = {{A First-Order Primal-Dual Algorithm for Convex Problems with Applications to Imaging}},
	volume = {40},
	year = {2011}
}
@article{Ekanadham2011,
	title={Recovery of Sparse Translation-Invariant Signals With Continuous Basis Pursuit},
	author={Ekanadham, Chaitanya and Tranchina, Daniel and Simoncelli, Eero P},
	journal={IEEE transactions on signal processing},
	volume={59},
	number={10},
	pages={4735--4744},
	year={2011},
	publisher={IEEE}
}
@article{Duval2017a,
	title={Sparse spikes super-resolution on thin grids I: the LASSO},
	author={Duval, Vincent and Peyr{\'e}, Gabriel},
	journal={Inverse Problems},
	volume={33},
	number={5},
	pages={055008},
	year={2017},
	publisher = {IOP Publishing}
}
@article{Duval2017b,
	title={Sparse spikes super-resolution on thin grids II: the continuous basis pursuit},
	author={Duval, Vincent and Peyr{\'e}, Gabriel},
	journal={Inverse Problems},
	volume={33},
	number={9},
	pages={095008},
	year={2017},
	publisher={IOP Publishing}
}
@article{Chambolle2015,
	title={On the Convergence of the Iterates of the ``Fast Iterative Shrinkage/Thresholding Algorithm''},
	author={Chambolle, Antonin and Dossal, Ch},
	journal={Journal of Optimization Theory and Applications},
	volume={166},
	number={3},
	pages={968--982},
	year={2015},
	publisher={Springer}
}
@article{Schermelleh2019,
	title={Super-resolution microscopy demystified},
	author={Schermelleh, Lothar and Ferrand, Alexia and Huser, Thomas and Eggeling, Christian and Sauer, Markus and Biehlmaier, Oliver and Drummen, Gregor PC},
	journal={Nature cell biology},
	volume={21},
	number={1},
	pages={72--84},
	year={2019},
	publisher={Nature Publishing Group}
}
@book{Mallat1999,
	title={A Wavelet Tour of Signal Processing},
	author={Mallat, St{\'e}phane},
	year={1999},
	publisher={Elsevier}
}
@article{Candes2004,
	title={New tight frames of curvelets and optimal representations of objects with piecewise $C^2$ singularities},
	author={Cand{\`e}s, Emmanuel J and Donoho, David L},
	journal={Communications on Pure and Applied Mathematics},
	volume={57},
	number={2},
	pages={219--266},
	year={2004},
	publisher={Wiley Online Library}
}
@article{Guo2007,
	title={Optimally Sparse Multidimensional Representation Using Shearlets},
	author={Guo, Kanghui and Labate, Demetrio},
	journal={SIAM Journal on Mathematical Analysis},
	volume={39},
	number={1},
	pages={298--318},
	year={2007},
	publisher={SIAM}
}
@article{Bartels2012,
	title={Total Variation Minimization with Finite Elements: Convergence and Iterative Solution},
	author={Bartels, S{\"o}ren},
	journal={SIAM Journal on Numerical Analysis},
	volume={50},
	number={3},
	pages={1162--1180},
	year={2012},
	publisher={SIAM}
}
@article{Ovesny2014,
	title={ThunderSTORM: a comprehensive ImageJ plug-in for PALM and STORM data analysis and super-resolution imaging},
	author={Ovesn{\`y}, Martin and K{\v{r}}{\'\i}{\v{z}}ek, Pavel and Borkovec, Josef and {\v{S}}vindrych, Zden{\v{e}}k and Hagen, Guy M},
	journal={Bioinformatics},
	volume={30},
	number={16},
	pages={2389--2390},
	year={2014},
	publisher={Oxford University Press}
}
@book{Bartels2015,
	title={Numerical Methods for Nonlinear Partial Differential Equations},
	author={Bartels, S{\"o}ren},
	volume={47},
	year={2015},
	publisher={Springer}
}

@article{Strang1972,
	title={Approximation in the finite element method},
	author={Strang, Gilbert},
	journal={Numerische Mathematik},
	volume={19},
	number={1},
	pages={81--98},
	year={1972},
	publisher={Springer}
}
@article{Sage2015,
	title={Quantitative evaluation of software packages for single-molecule localization microscopy},
	author={Sage, Daniel and Kirshner, Hagai and Pengo, Thomas and Stuurman, Nico and Min, Junhong and Manley, Suliana and Unser, Michael},
	journal={Nature Methods},
	volume={12},
	number={8},
	pages={717--724},
	year={2015},
	publisher={Nature Publishing Group}
}
@article{Wright2015,
	title={Coordinate descent algorithms},
	author={Wright, Stephen J},
	journal={Mathematical Programming},
	volume={151},
	number={1},
	pages={3--34},
	year={2015},
	publisher={Springer}
}
@book{Spall2005,
	title={Introduction to Stochastic Search and Optimization: Estimation, Simulation, and Control},
	author={Spall, James C},
	volume={65},
	year={2005},
	publisher={John Wiley \& Sons}
}
@article{Bottou2018,
	title={Optimization Methods for Large-Scale Machine Learning},
	author={Bottou, L{\'e}on and Curtis, Frank E and Nocedal, Jorge},
	journal={SIAM Review},
	volume={60},
	number={2},
	pages={223--311},
	year={2018},
	publisher={SIAM}
}
@article{Jiang2012,
	title={An Inexact Accelerated Proximal Gradient Method for Large Scale Linearly Constrained Convex SDP},
	author={Jiang, Kaifeng and Sun, Defeng and Toh, Kim-Chuan},
	journal={SIAM Journal on Optimization},
	volume={22},
	number={3},
	pages={1042--1064},
	year={2012},
	publisher={SIAM}
}
@article{Villa2013,
	title={Accelerated and Inexact Forward-Backward Algorithms},
	author={Villa, Silvia and Salzo, Saverio and Baldassarre, Luca and Verri, Alessandro},
	journal={SIAM Journal on Optimization},
	volume={23},
	number={3},
	pages={1607--1633},
	year={2013},
	publisher={SIAM}
}
@inproceedings{Schmidt2011,
	title={Convergence Rates of Inexact Proximal-Gradient Methods for Convex Optimization},
	author={Schmidt, Mark and Roux, Nicolas L and Bach, Francis R},
	booktitle={Advances in Neural Information Processing Systems},
	pages={1458--1466},
	year={2011}
}
@article{Aujol2015,
	title={Stability of Over-Relaxations for the Forward-Backward Algorithm, Application to FISTA},
	author={Aujol, J-F and Dossal, Ch},
	journal={SIAM Journal on Optimization},
	volume={25},
	number={4},
	pages={2408--2433},
	year={2015},
	publisher={SIAM}
}
@article{Huang2017,
	title={Super-Resolution Image Reconstruction for High-Density Three-Dimensional Single-Molecule Microscopy},
	author={Huang, Jiaqing and Sun, Mingzhai and Ma, Jianjie and Chi, Yuejie},
	journal={IEEE Transactions on Computational Imaging},
	volume={3},
	number={4},
	pages={763--773},
	year={2017},
	publisher={IEEE}
}
@article{Denoyelle2019,
	title={The sliding Frank--Wolfe algorithm and its application to super-resolution microscopy},
	author={Denoyelle, Quentin and Duval, Vincent and Peyr{\'e}, Gabriel and Soubies, Emmanuel},
	journal={Inverse Problems},
	volume={36},
	number={1},
	pages={014001},
	year={2019},
	publisher={IOP Publishing}
}
@article{Catala2019,
	title={A Low-Rank Approach to Off-the-grid Sparse Superresolution},
	author={Catala, Paul and Duval, Vincent and Peyr{\'e}, Gabriel},
	journal={SIAM Journal on Imaging Sciences},
	volume={12},
	number={3},
	pages={1464--1500},
	year={2019},
	publisher={SIAM}
}
@article{Castro2016,
	title={Exact Solutions to Super Resolution on Semi-Algebraic Domains in Higher Dimensions},
	author={De Castro, Yohann and Gamboa, Fabrice and Henrion, Didier and Lasserre, J-B},
	journal={IEEE Transactions on Information Theory},
	volume={63},
	number={1},
	pages={621--630},
	year={2016},
	publisher={IEEE}
}
@article{Boyd2017,
	title={The Alternating Descent Conditional Gradient Method for Sparse Inverse Problems},
	author={Boyd, Nicholas and Schiebinger, Geoffrey and Recht, Benjamin},
	journal={SIAM Journal on Optimization},
	volume={27},
	number={2},
	pages={616--639},
	year={2017},
	publisher={SIAM}
}
@article{Bredies2013,
	title={Inverse problems in spaces of measures},
	author={Bredies, Kristian and Pikkarainen, Hanna Katriina},
	journal={ESAIM: Control, Optimisation and Calculus of Variations},
	volume={19},
	number={1},
	pages={190--218},
	year={2013}
}
@article{Eckstein1992,
	title={On the Douglas--Rachford splitting method and the proximal point algorithm for maximal monotone operators},
	author={Eckstein, Jonathan and Bertsekas, Dimitri P},
	journal={Mathematical Programming},
	volume={55},
	number={1-3},
	pages={293--318},
	year={1992},
	publisher={Springer}
}
@article{Candes2014,
	title={Towards a Mathematical Theory of Super-Resolution},
	author={Cand{\`e}s, Emmanuel J and Fernandez-Granda, Carlos},
	journal={Communications on Pure and Applied Mathematics},
	volume={67},
	number={6},
	pages={906--956},
	year={2014},
	publisher={Wiley Online Library}
}
@article{Poon2018,
	title={The geometry of off-the-grid compressed sensing},
	author={Poon, Clarice and Keriven, Nicolas and Peyr{\'e}, Gabriel},
	journal={arXiv preprint arXiv:1802.08464},
	year={2018}
}
@article{Castillo2019,
	title={Multiscale Analysis of Bayesian CART},
	author={Castillo, Ismael and Rockova, Veronika},
	journal={University of Chicago, Becker Friedman Institute for Economics Working Paper},
	number={2019-127},
	year={2019}
}
@article{Tao2016,
	title={Local Linear Convergence of ISTA and FISTA on the LASSO Problem},
	author={Tao, Shaozhe and Boley, Daniel and Zhang, Shuzhong},
	journal={SIAM Journal on Optimization},
	volume={26},
	number={1},
	pages={313--336},
	year={2016},
	publisher={SIAM}
}
@article{Schindelin2012,
	title={Fiji: an open-source platform for biological-image analysis},
	author={Schindelin, Johannes and Arganda-Carreras, Ignacio and Frise, Erwin and Kaynig, Verena and Longair, Mark and Pietzsch, Tobias and Preibisch, Stephan and Rueden, Curtis and Saalfeld, Stephan and Schmid, Benjamin and others},
	journal={Nature Methods},
	volume={9},
	number={7},
	pages={676--682},
	year={2012},
	publisher={Nature Publishing Group}
}

% ------------------------------------------------------------------------
% ------------------------------------------------------------------------
% ------------------------------Gaussians---------------------------------
% ------------------------------------------------------------------------
% ------------------------------------------------------------------------


@techreport{ElGhaoui2010,
	title={Safe Feature Elimination in Sparse Supervised Learning},
	author={El Ghaoui, L and Viallon, V and Rabbani, T},
	number={UCB/EECS-2010--126},
	institution={EECS Department, University of California, Berkeley},
	year={2010}
}
@article{Bonnefoy2015,
	title={Dynamic Screening: Accelerating First-Order Algorithms for the Lasso and Group-Lasso},
	author={Bonnefoy, Antoine and Emiya, Valentin and Ralaivola, Liva and Gribonval, Remi},
	journal={IEEE Transactions on Signal Processing},
	volume={63},
	number={19},
	pages={5121--5132},
	year={2015},
	publisher={IEEE}
}
@article{Ndiaye2017,
	title={Gap Safe Screening Rules for Sparsity Enforcing Penalties},
	author={Ndiaye, Eugene and Fercoq, Olivier and Gramfort, Alexandre and Salmon, Joseph},
	journal={The Journal of Machine Learning Research},
	volume={18},
	number={1},
	pages={4671--4703},
	year={2017},
	publisher={JMLR.org}
}

@article{Douglas1956,
	title={On the Numerical Solution of Heat Conduction Problems in Two and Three Space Variables},
	author={Douglas, Jim and Rachford, Henry H},
	journal={Transactions of the American Mathematical Society},
	volume={82},
	number={2},
	pages={421--439},
	year={1956},
	publisher={JSTOR}
}

@article{Liang2017,
	title={Activity Identification and Local Linear Convergence of Forward--Backward-type Methods},
	author={Liang, Jingwei and Fadili, Jalal and Peyr{\'e}, Gabriel},
	journal={SIAM Journal on Optimization},
	volume={27},
	number={1},
	pages={408--437},
	year={2017},
	publisher={SIAM}
}
@inproceedings{Alamo2019,
	title={Restart FISTA with Global Linear Convergence},
	author={Alamo, Teodoro and Limon, Daniel and Krupa, Pablo},
	booktitle={2019 18th European Control Conference (ECC)},
	pages={1969--1974},
	year={2019},
	organization={IEEE}
}
@article{Sage2019,
	title={Super-resolution fight club: assessment of 2D and 3D single-molecule localization microscopy software},
	author={Sage, Daniel and Pham, Thanh-An and Babcock, Hazen and Lukes, Tomas and Pengo, Thomas and Chao, Jerry and Velmurugan, Ramraj and Herbert, Alex and Agrawal, Anurag and Colabrese, Silvia and others},
	journal={Nature Methods},
	volume={16},
	number={5},
	pages={387--395},
	year={2019},
	publisher={Nature Publishing Group}
}
@article{Parpas2017,
	title={A Multilevel Proximal Gradient Algorithm for a Class of Composite Optimization Problems},
	author={Parpas, Panos},
	journal={SIAM Journal on Scientific Computing},
	volume={39},
	number={5},
	pages={S681--S701},
	year={2017},
	publisher={SIAM}
}
@article{Kekkonen2021,
	title={Random tree Besov priors--Towards fractal imaging},
	author={Kekkonen, Hanne and Lassas, Matti and Saksman, Eero and Siltanen, Samuli},
	journal={arXiv preprint arXiv:2103.00574},
	year={2021}
}
@book{Hiriart2013,
	title={Convex Analysis and Minimization Algorithms II: Advanced Theory and Bundle Methods},
	author={Hiriart-Urruty, Jean-Baptiste and Lemar{\'e}chal, Claude},
	volume={305},
	year={1993},
	publisher={Springer-Verlag, Berlin, Heidelberg}
}
@article{Rosset2007,
	title={Piecewise Linear Regularized Solution Paths},
	author={Rosset, Saharon and Zhu, Ji},
	journal={The Annals of Statistics},
	pages={1012--1030},
	year={2007},
	publisher={JSTOR}
}
@article{Yu2021,
	title={A Fast Proximal Gradient Method and Convergence Analysis for Dynamic Mean Field Planning},
	author={Yu, Jiajia and Lai, Rongjie and Li, Wuchen and Osher, Stanley},
	journal={arXiv preprint arXiv:2102.13260},
	year={2021}
}